

@book{Gerya:2010,
author    = "Gerya, T V.",
title     = "Introduction to Numerical Geodynamic Modeling",
publisher = "Cambridge University Press",
year      = "2010",
}

@MyOwnThesis{atr:2007,
author   = "Vogt, T.",
title    = "Implementation of an experimental field site - 
hydraulic and borehole geophysical measurements, numerical groundwater flow modelling ",
year     = "2007",
school  = "Geowissenschaftlichen Zentrum  der Georg-August-Universitaet Goettingen "
}


@book{Bear:1972,
author    = "Bear, J.",
title     = "Dynamics of fluids in porous media",
publisher = "Dover Publications Inc. New York",
year      = "1972",
}



@book{Bear:1979,
author    = "Bear, J",
title     = "Hydraulics of groundwater",
publisher = "McGraw Hill New York",
year      = "1979",
}